@article{avellaneda2010transparency,
  title={Transparency in credit default swap markets},
  author={Avellaneda, Marco and Cont, Rama},
  journal={Finance Concepts},
  year={2010}
}

@article{akerlof1970market,
  title={The market for "lemons": Quality uncertainty and the market mechanism},
  author={Akerlof, George A},
  journal={The quarterly journal of economics},
  pages={488--500},
  year={1970},
  publisher={JSTOR}
}

@article{artzner1995default,
	title={Default risk insurance and incomplete markets},
	author={Artzner, Philippe and Delbaen, Freddy},
	journal={Mathematical Finance},
	volume={5},
	number={3},
	pages={187--195},
	year={1995},
	publisher={Wiley Online Library}
}

@article{bachelier1900theorie,
  title={Th{\'e}orie de la sp{\'e}culation},
  author={Bachelier, Louis},
  journal={Annales Scientifiques de l’\'{E}cole Normale Sup\'{e}rieure},
  volume={17},
  number={3},
  pages={21--86},
  year={1900},
}

@article{black1976pricing,
	title={The pricing of commodity contracts},
	author={Black, Fischer},
	journal={Journal of financial economics},
	volume={3},
	number={1-2},
	pages={167--179},
	year={1976},
	publisher={Elsevier}
}

@article{blackcox1976valuing,
  title={Valuing corporate securities: Some effects of bond indenture provisions},
  author={Black, Fischer and Cox, John C},
  journal={The Journal of Finance},
  volume={31},
  number={2},
  pages={351--367},
  year={1976},
  publisher={Wiley Online Library}
}

@article{blackscholes1973pricing,
  title={The pricing of options and corporate liabilities},
  author={Black, Fischer and Scholes, Myron},
  journal={The journal of political economy},
  pages={637--654},
  year={1973},
  publisher={JSTOR},
  volume={81},
  number={3}
}

@article{bracegatarek1997market,
	title={The market model of interest rate dynamics},
	author={Brace, Alan and Gatarek, Dariusz and Musiela, Marek},
	journal={Mathematical finance},
	volume={7},
	number={2},
	pages={127--155},
	year={1997},
	publisher={Wiley Online Library}
}

@article{brigomercurio2001deterministic,
  title={A deterministic--shift extension of analytically--tractable and time--homogeneous short--rate models},
  author={Brigo, Damiano and Mercurio, Fabio},
  journal={Finance and Stochastics},
  volume={5},
  number={3},
  pages={369--387},
  year={2001},
  publisher={Springer}
}

@article{brown1994interest,
	title={Interest rate volatility and the shape of the term structure},
	author={Brown, Roger H and Schaefer, Stephen M},
	journal={Philosophical Transactions of the Royal Society of London. Series A: Physical and Engineering Sciences},
	volume={347},
	number={1684},
	pages={563--576},
	year={1994},
	publisher={The Royal Society London}
}

@article{byrd1995limited,
  title={A limited memory algorithm for bound constrained optimization},
  author={Byrd, Richard H and Lu, Peihuang and Nocedal, Jorge and Zhu, Ciyou},
  journal={SIAM Journal on Scientific Computing},
  volume={16},
  number={5},
  pages={1190--1208},
  year={1995},
  publisher={SIAM}
}


@article{carrmadan1999optionvaluation,
  title={Option valuation using the fast Fourier transform},
  author={Carr, Peter and Dilip Madan},
  journal={Journal of computational finance},
  pages={61--73},
  year={1999},
  volume={2},
  number={4}
}

@article{chapmanlongpearson1999usingproxies,
  title={Using Proxies for the Short Rate: When Are Three Months Like an Instant?},
  author={Chapman, David and Long, John and Pearson, Neil},
  journal={The Review of Financial Studies},
  pages={763--806},
  year={1999},
  publisher={Oxford University Press},
  volume={12},
  number={4}
}

@article{covaljurekstafford2009economics,
  title={The economics of structured finance},
  author={Coval, Joshua and Jurek, Jakub and Stafford, Erik},
  journal={The Journal of Economic Perspectives},
  volume={23},
  number={1},
  pages={3--26},
  year={2009},
  publisher={JSTOR}
}

@article{coxingersollross1985theory,
  title={A theory of the term structure of interest rates},
  author={Cox, John C and Ingersoll Jr, Jonathan E and Ross, Stephen A},
  journal={Econometrica: Journal of the Econometric Society},
  pages={385--407},
  year={1985},
  publisher={JSTOR}
}



@article{delbaenschachermayer1994general,
  title={A general version of the fundamental theorem of asset pricing},
  author={Delbaen, Freddy and Schachermayer, Walter},
  journal={Mathematische annalen},
  volume={300},
  number={1},
  pages={463--520},
  year={1994},
  publisher={Springer}
}

@article{delbaenschachermayer1998fundamental,
  title={The fundamental theorem of asset pricing for unbounded stochastic processes},
  author={Delbaen, Freddy and Schachermayer, Walter},
  journal={Mathematische annalen},
  volume={312},
  number={2},
  pages={215--250},
  year={1998},
  publisher={Springer}
}

@article{dothan1978term,
  title={On the term structure of interest rates},
  author={Dothan, Uri},
  journal={Journal of Financial Economics},
  volume={6},
  number={1},
  pages={59--69},
  year={1978},
  publisher={Elsevier}
}

@article{duffie1994multi,
	title={Multi-factor term structure models},
	author={Duffie, Darrell and Kan, Rui},
	journal={Philosophical Transactions of the Royal Society of London. Series A: Physical and Engineering Sciences},
	volume={347},
	number={1684},
	pages={577--586},
	year={1994},
	publisher={The Royal Society London}
}

@article{duffiekan1996yield,
  title={A yield-factor model of interest rates},
  author={Duffie, Darrell and Kan, Rui},
  journal={Mathematical finance},
  volume={6},
  number={4},
  pages={379--406},
  year={1996},
  publisher={Wiley Online Library}
}

@inproceedings{eberhart1995particle,
	title={Particle swarm optimization},
	author={Eberhart, Russell and Kennedy, James},
	booktitle={Proceedings of the IEEE international conference on neural networks},
	volume={4},
	pages={1942--1948},
	year={1995},
	organization={Citeseer}
}

@article{gemanelkarouirochet1995changes,
  title={Changes of numeraire, changes of probability measure and option pricing},
  author={Geman, Helyette and El Karoui, Nicole and Rochet, Jean-Charles},
  journal={Journal of applied Probability},
  pages={443--458},
  year={1995},
  publisher={JSTOR}
}

@article{geske1977valuation,
  title={The valuation of corporate liabilities as compound options},
  author={Geske, Robert},
  journal={Journal of Financial and Quantitative Analysis},
  volume={12},
  number={4},
  pages={541--552},
  year={1977},
  publisher={Cambridge Univ Press}
}

@article{fama1965behavior,
  title={The behavior of stock-market prices},
  author={Fama, Eugene F},
  journal={The journal of Business},
  volume={38},
  number={1},
  pages={34--105},
  year={1965},
  publisher={JSTOR}
}

@article{hagan2002managing,
	title={Managing smile risk},
	author={Hagan, Patrick S and Kumar, Deep and Lesniewski, Andrew S and Woodward, Diana E},
	journal={The Best of Wilmott},
	volume={1},
	pages={249--296},
	year={2002}
}

@article{harrisonkreps1979martingales,
  title={Martingales and arbitrage in multiperiod securities markets},
  author={Harrison, J Michael and Kreps, David M},
  journal={Journal of Economic theory},
  volume={20},
  number={3},
  pages={381--408},
  year={1979},
  publisher={Academic Press}
}

@article{harrisonpliska1981martingales,
  title={Martingales and stochastic integrals in the theory of continuous trading},
  author={Harrison, J Michael and Pliska, Stanley R},
  journal={Stochastic processes and their applications},
  volume={11},
  number={3},
  pages={215--260},
  year={1981},
  publisher={Elsevier}
}

@article{harrisonpliska1983stochastic,
  title={A stochastic calculus model of continuous trading: complete markets},
  author={Harrison, J Michael and Pliska, Stanley R},
  journal={Stochastic processes and their applications},
  volume={15},
  number={3},
  pages={313--316},
  year={1983},
  publisher={Elsevier}
}



@article{heston1993closed,
  title={A closed-form solution for options with stochastic volatility with applications to bond and currency options},
  author={Heston, Steven L},
  journal={Review of financial studies},
  volume={6},
  number={2},
  pages={327--343},
  year={1993},
  publisher={Soc Financial Studies}
}

@article{HJM1990bondpricing,
	author={Heath, David and Jarrow, Robert and Morton, Andrew},
	title={Bond Pricing and the Term Structure of Interest Rates: A Discrete Time Approximation},
	journal={Journal of Financial and Quantitative Analysis},
	year={1990},
	volume={25},
	number={04},
	pages={419-440}
}

@article{HJM1992bondpricing,
	author={Heath, David and Jarrow, Robert and Morton, Andrew},
	title={Bond Pricing and the Term Structure of Interest Rates: A New Methodology for Contingent Claims Valuation},
	journal={Econometrica},
	year={1992},
	volume={60},
	number={1},
	pages={77-105}
}

@article{higham2002computing,
	title={Computing the nearest correlation matrix—a problem from finance},
	author={Higham, Nicholas J},
	journal={IMA journal of Numerical Analysis},
	volume={22},
	number={3},
	pages={329--343},
	year={2002},
	publisher={OUP}
}

@article{hull1990pricing,
  title={Pricing interest-rate-derivative securities},
  author={Hull, John and White, Alan},
  journal={The Review of Financial Studies},
  volume={3},
  number={4},
  pages={573--592},
  year={1990},
  publisher={Oxford University Press}
}

@article{hull1994numerical,
	title={Numerical procedures for implementing term structure models II: Two-factor models},
	author={Hull, John C and White, Alan D},
	journal={The Journal of Derivatives},
	volume={2},
	number={2},
	pages={37--48},
	year={1994},
	publisher={Institutional Investor Journals Umbrella}
}

@article{jarrowmadan1991characterization,
  title={A Characterization of Complete Security Markets On A Brownian Filtration1},
  author={Jarrow, Robert A and Madan, Dilip B},
  journal={Mathematical Finance},
  volume={1},
  number={3},
  pages={31--43},
  year={1991},
  publisher={Wiley Online Library}
}

@article{jarrow1995pricing,
	title={Pricing derivatives on financial securities subject to credit risk},
	author={Jarrow, Robert A and Turnbull, Stuart M},
	journal={The journal of finance},
	volume={50},
	number={1},
	pages={53--85},
	year={1995},
	publisher={Wiley Online Library}
}

@article{jamshidian1989anexactbondoptionformula,
 author = {Jamshidian, Farshid},
 journal = {The Journal of Finance},
 number = {1},
 pages = {205--209},
 publisher = {[American Finance Association, Wiley]},
 title = {An Exact Bond Option Formula},
 volume = {44},
 year = {1989}
}

@article{jamshidian1997libor,
	title={LIBOR and swap market models and measures},
	author={Jamshidian, Farshid},
	journal={Finance and Stochastics},
	volume={1},
	number={4},
	pages={293--330},
	year={1997},
	publisher={Springer}
}

@article{jovanoviclegall2001does,
  title={Does God practice a random walk? The 'financial physics' of a nineteenth-century forerunner, Jules Regnault},
  author={Jovanovic, Franck and Le Gall, Philippe},
  journal={European Journal of the History of Economic Thought},
  volume={8},
  number={3},
  pages={332--362},
  year={2001},
  publisher={Taylor \& Francis}
}

@article{kirkpatrick1983optimization,
	title={Optimization by simulated annealing},
	author={Kirkpatrick, Scott and Gelatt, C Daniel and Vecchi, Mario P},
	journal={science},
	volume={220},
	number={4598},
	pages={671--680},
	year={1983},
	publisher={American Association for the Advancement of Science}
}


@article{kimramaswamysundaresan1993does,
  title={Does default risk in coupons affect the valuation of corporate bonds?: A contingent claims model},
  author={Kim, In Joon and Ramaswamy, Krishna and Sundaresan, Suresh},
  journal={Financial Management},
  pages={117--131},
  year={1993},
  publisher={JSTOR}
}

@article{lando1998cox,
	title={On Cox processes and credit risky securities},
	author={Lando, David},
	journal={Review of Derivatives research},
	volume={2},
	number={2-3},
	pages={99--120},
	year={1998},
	publisher={Springer}
}

@article{litterman1991common,
	title={Common factors affecting bond returns},
	author={Litterman, Robert and Scheinkman, Jose},
	journal={Journal of fixed income},
	volume={1},
	number={1},
	pages={54--61},
	year={1991}
}

@article{longstaff2010subprime,
  title={The subprime credit crisis and contagion in financial markets},
  author={Longstaff, Francis A},
  journal={Journal of Financial Economics},
  volume={97},
  number={3},
  pages={436--450},
  year={2010},
  publisher={Elsevier}
}

@article{merton1971optimum,
  title={Optimum consumption and portfolio rules in a continuous-time model},
  author={Merton, Robert C},
  journal={Journal of economic theory},
  volume={3},
  number={4},
  pages={373--413},
  year={1971},
  publisher={Academic Press}
}

@article{merton1973theory,
  title={Theory of rational option pricing},
  author={Merton, Robert C},
  journal={The Bell Journal of Economics and Management Science},
  pages={141--183},
  year={1973},
  publisher={JSTOR}
}


@article{merton1974pricing,
  title={On the pricing of corporate debt: The risk structure of interest rates},
  author={Merton, Robert C},
  journal={The Journal of Finance},
  volume={29},
  number={2},
  pages={449--470},
  year={1974},
  publisher={Wiley Online Library}
}

@article{mercurio2009interest,
	title={Interest rates and the credit crunch: new formulas and market models},
	author={Mercurio, Fabio},
	journal={Bloomberg portfolio research paper},
	number={2010-01},
	year={2009}
}

@article{miltersen1997closed,
	title={Closed form solutions for term structure derivatives with log-normal interest rates},
	author={Miltersen, Kristian R and Sandmann, Klaus and Sondermann, Dieter},
	journal={The Journal of Finance},
	volume={52},
	number={1},
	pages={409--430},
	year={1997},
	publisher={Wiley Online Library}
}

@article{pye1966markov,
	title={A Markov model of the term structure},
	author={Pye, Gordon},
	journal={The Quarterly Journal of Economics},
	pages={60--72},
	year={1966},
	publisher={JSTOR}
}

@article{ritchken1995volatility,
	title={Volatility structures of forward rates and the dynamics of the term structure},
	author={Ritchken, Peter and Sankarasubramanian, L},
	journal={Mathematical finance},
	volume={5},
	number={1},
	pages={55--72},
	year={1995},
	publisher={Wiley Online Library}
}

@article{samuelson1973mathematics,
  title={Mathematics of speculative price},
  author={Samuelson, Paul A},
  journal={SIAM Review},
  volume={15},
  number={1},
  pages={1--42},
  year={1973},
  publisher={SIAM}
}

@article{samuelson1965proof,
  title={Proof that properly anticipated prices fluctuate randomly},
  author={Samuelson, Paul A},
  journal={Industrial management review},
  volume={6},
  number={2},
  year={1965},
  publisher={MIT Press}
}

@article{samuelson1965rational,
  title={Rational theory of warrant pricing},
  author={Samuelson, Paul A},
  journal={Industrial management review},
  volume={6},
  pages={13--31},
  year={1965}
}

@article{storn1997differential,
  title={Differential evolution--a simple and efficient heuristic for global optimization over continuous spaces},
  author={Storn, Rainer and Price, Kenneth},
  journal={Journal of global optimization},
  volume={11},
  number={4},
  pages={341--359},
  year={1997},
  publisher={Springer}
}

@article{schonbucher2001libor,
	author = {J. Schönbucher, Philipp},
	year = {2001},
	month = {01},
	pages = {},
	title = {A Libor Market Model with Default Risk},
	journal = {SSRN Electronic Journal}
}


@article{vasicek1977equilibrium,
  title={An equilibrium characterization of the term structure},
  author={Va\v{s}\'{i}\v{c}ek, Oldrich},
  journal={Journal of financial economics},
  volume={5},
  number={2},
  pages={177--188},
  year={1977},
  publisher={Elsevier}
}


@article{zhou1997jump,
  title={A jump-diffusion approach to modeling credit risk and valuing defaultable securities},
  author={Zhou, Chunsheng},
  journal={Available at SSRN 39800},
  year={1997}
}

@article{zhu1997algorithm,
  title={Algorithm 778: L-BFGS-B: Fortran subroutines for large-scale bound-constrained optimization},
  author={Zhu, Ciyou and Byrd, Richard H and Lu, Peihuang and Nocedal, Jorge},
  journal={ACM Transactions on Mathematical Software (TOMS)},
  volume={23},
  number={4},
  pages={550--560},
  year={1997},
  publisher={ACM}
}


@article{okaneturnbull2003valuation,
  title={Valuation of credit default swaps},
  author={O’Kane, Dominic and Turnbull, Stuart},
  journal={Lehman Brothers Quantitative Credit Research Quarterly},
  volume={2003},
  year={2003}
}

@book{billingsley2012probabilityandmeasure,
  title={Probability and Measure},
  edition={3rd},
  author={Billingsley, Patrick},
  year={1992},
  publisher={John Wiley \& Sons},
  address={Hoboken}
}

@book{regnault1863calcul,
  title={Calcul des chances et philosophie de la Bourse},
  author={Regnault, Jules},
  year={1863}
}

@book{hull2012options,
  title={Options, Futures, and Other Derivatives},
  edition={8th},
  author={Hull, John C},
  year={2012},
  publisher={Pearson Education Limited},
  address={Harlow}
}

@article{ho1986term,
	title={Term structure movements and pricing interest rate contingent claims},
	author={Ho, Thomas SY and Lee, Sang-Bin},
	journal={the Journal of Finance},
	volume={41},
	number={5},
	pages={1011--1029},
	year={1986},
	publisher={Wiley Online Library}
}
    
@book{karatzasshreve1991brownian,
  title={Brownian motion and stochastic calculus},
  author={Karatzes, Ioannis Autor and Shreve, Steven Eugene},
  volume={113},
  year={1991},
  publisher={Springer},
  edition={2nd},
  address={New York}
}

@book{protter2004stochastic,
  title={Stochastic Integration and Differential Equations},
  author={Protter, Philip},
  year={2004},
  publisher={Springer},
  edition={2nd, version 2.1},
  address={Berlin}
}

@book{schonbucher2003credit,
  title={Credit Derivatives Pricing Models: Models, Pricing and Implementation},
  author={Sch{\"o}nbucher, Philipp J},
  year={2003},
  publisher={John Wiley \& Sons},
  address={Hoboken}
}

@book{o2011modelling,
  title={Modelling Single-name and Multi-name Credit Derivatives},
  author={O'Kane, Dominic},
  year={2011},
  publisher={John Wiley \& Sons},
  address={Chichester}
}

@book{mcneilfreyembrechts2010quantitative,
  title={Quantitative Risk Management: Concepts, Techniques and Tools},
  author={McNeil, Alexander J and Frey, R{\"u}diger and Embrechts, Paul},
  year={2010},
  publisher={Princeton university press},
  address={Princeton}
}

@book{lando2009credit,
  title={Credit Risk Modeling: Theory and Applications},
  author={Lando, David},
  year={2009},
  publisher={Princeton University Press},
  address={Princeton}
  }

@book{brigo2007interest,
	title={Interest rate models-theory and practice: with smile, inflation and credit},
	author={Brigo, Damiano and Mercurio, Fabio},
	year={2007},
	edition={2nd},
	publisher={Springer Science \& Business Media},
	address={Berlin}	
}

@book{bieleckirutkowski2002credit,
  title={Credit Risk: Modeling, Valuation and Hedging},
  author={Bielecki, Tomasz R and Rutkowski, Marek},
  year={2002},
  publisher={Springer},
  address={Berlin},
  edition={2nd}
}

@book{filipovic2009term,
  title={Term-Structure Models: A Graduate Course},
  author={Filipovi{\'c}, Damir},
  year={2009},
  publisher={Springer},
  address={Berlin}
}

@book{duffiesingleton2012credit,
  title={Credit Risk: Pricing, Measurement and Management},
  author={Duffie, Darrell and Singleton, Kenneth J},
  year={2012},
  publisher={Princeton University Press},
  address={Princeton}
}

@book{joshi2003concepts,
  title={The Concepts and Practice of Mathematical Finance},
  author={Joshi, Mark Suresh},
  year={2003},
  publisher={Cambridge University Press},
  address={Cambridge}
  }

@book{joshi2003more,
  title={More Mathematical Finance},
  author={Joshi, Mark Suresh},
  year={2011},
  publisher={Pilot Whale Press},
  address={Melbourne}
  }
  
@book{musielarutkowski2005martingale,
  title={Martingale Methods in Financial Modelling},
  author={Musiela, Marek and Rutkowski, Marek},
  year={2005},
  publisher={Springer},
  address={Milan}
}

@book{nawalkabeliaevasoto2007dynamic,
  title={Dynamic Term Structure Modeling: The Fixed Income Valuation Course},
  author={Nawalka, Sanjay and Beliaeva, Natalia and Soto, Gloria},
  year={2007},
  publisher={John Wiley \& Sons},
  address={Hoboken, New Jersey}
}

@book{bjork2004arbitrage,
  title={Arbitrage Theory in Continuous Time},
  author={Bj{\"o}rk, Tomas},
  year={2004},
  publisher={Oxford university press},
  publisher={Oxford}
}

@book{cochrane2009asset,
	title={Asset pricing: Revised edition},
	author={Cochrane, John H},
	year={2009},
	publisher={Princeton university press}
}

@book{duffie2010dynamic,
	title={Dynamic asset pricing theory},
	author={Duffie, Darrell},
	year={2010},
	publisher={Princeton University Press}
}

@book{jameswebber2000interest,
  title={Interest Rate Modelling},
  author={James, Jessica and Webber, Nick},
  year={2000},
  publisher={John Wiley \& Sons},
  address={Chichester}
}

@book{wu2009interest,
	title={Interest rate modeling: Theory and practice},
	author={Wu, Lixin},
	year={2009},
	publisher={Chapman and Hall/CRC}
}

@book{oksendal2003stochastic,
  title={Stochastic differential equations},
  author={{\O}ksendal, Bernt},
  year={2003},
  publisher={Springer},
  address={Berlin}
}


@phdthesis{bergman1982pricing,
  title={Pricing of contingent claims in perfect and in imperfect markets},
  author={Bergman, Yaacov Zvi},
  year={1982},
  school={University of California, Berkeley}
}

@misc{watts2012how,
  title={How Europe’s short CDS ban could hit the euro},
  author={Watts, William L.},
  year={2012},
  url={http://www.marketwatch.com/story/how-europes-short-cds-ban-could-hit-the-euro-2012-11-01},
  note={Cited 15.10.2013}
}

@manual{ISDAbigbang,
  title={2009 ISDA Credit derivates determinations committees and auction and settlement CDS protocol},
  author={{International Swaps and Derivatives Association, Inc}},
  shortauthor={ISDA},
  url={https://www.isda.org/a/WS6EE/Big-Bang-Protocol.pdf},
  year={2009},
  addendum={Cited 31.10.2013}
}

@manual{creditauctionprimer,
  title={Credit auction primer},
  author={{Markit and Creditex}},
  shortauthor={Markit and Creditex},
  url={http://www.creditfixings.com/information/affiliations/fixings/auctions/docs/credit_event_auction_primer.pdf},
  year={2010},
  addendum={Cited 31.10.2013}
}

@manual{cdscounterparty,
  title={Credit default swaps and counterparty risk},
  author={{European Central Bank}},
  shortauthor={ECB},
  year={2009},
}

@manual{imf2010short,
  title={IMF staff comments on EU Commission consultation on short selling},
  author={{International Monetary Fund}},
  shortauthor={IMF},
  year={2010},
  url={http://www.imf.org/external/np/eur/2010/pdf/080510.pdf},
  addendum={Cited 03.11.2013.}
}

@manual{BISquarterlyreview2010,
  title={BIS Quarterly Review, December 2010},
  author={Bank for International Settlements},
  shortauthor={BIS},
  year={2010},
  url={https://www.bis.org/publ/qtrpdf/r_qt1012.pdf},
  addendum={Cited 03.11.2013.}
}

@techreport{stulz2009credit,
  title={Credit default swaps and the credit crisis},
  author={Stulz, Ren{\'e} M},
  year={2009},
  institution={National Bureau of Economic Research}
}

@techreport{okaneturnbull2003valuationmanagement,
  title={Valuation and Risk Management of Credit Default},
  author={O’Kane, Dominic and Turnbull, Stuart},
  year={2003},
  institution={Lehman Brothers}
}

@inproceedings{storn1996usage,
  title={On the usage of differential evolution for function optimization},
  author={Storn, Rainer},
  booktitle={Proceedings of North American Fuzzy Information Processing},
  pages={519--523},
  year={1996},
  organization={IEEE}
}

@misc{basel2015cva,
	note={Review of the Credit Valuation Adjustment (CVA) risk framework},
	author={BIS},
	institution={Bank for International Settlements},
	year={2015},
	url={https://www.bis.org/bcbs/publ/d325.pdf},
	addendum={Cited 02.03.2019}
}

@misc{bis2019statistics,
	note={BIS statistics},
	author={BIS},
	institution={Bank for International Settlements},
	year={2018},
	url={https://www.bis.org/statistics/index.htm},
	addendum={Cited 27.04.2019}
}

@misc{regulation2012short,
  note={Regulation on Short Selling and certain aspects of credit default swaps},
  addendum={EU 236/2012}
}

@misc{rodriguez2007absense,
    author={Rodriguez, Richard},
    title={“Absence of Fear.” A speech given at the CFA Society of Chicago},
    year={2007}
}

@misc{Scipy,
  author =    {Jones, Eric and Oliphant, Travis and Peterson, Pearu and others},
  title =     {{SciPy}: Open source scientific tools for {Python}},
  year =      {2001--},
  url = "http://www.scipy.org/"
}

@misc{rytty,
	author =    {Rytty, Miikka},
	title =     {GitHub-repository for the code},
	year =      {2019},
	url = "https://github.com/mrytty/gradu-public/"
}

@misc{crouchernearestcorrmatrix,
	author =    {Croucher, Mike},
	title =     {Python versions of nearest correlation matrix algorithm.},
	year =      {2014--},
	addendum={Cited 02.03.2019.},
	url = "https://github.com/mikecroucher/nearest_correlation/"
}

@misc{highamearestcorrmatrix,
	author =    {Higham, Nicholas J.},
	title =     {The Nearest Correlation Matrix},
	year =      {2013},
	addendum={Cited 30.03.2019.},
	url = "https://nickhigham.wordpress.com/2013/02/13/the-nearest-correlation-matrix/"
}
